
@misc{wiki:latex,
title = "Wikipedia o {\LaTeX}",
howpublished = "[online]",
note = "DostÃªpny w Internecie: \url{http://pl.wikipedia.org/wiki/LaTeX}",
key = "a",
}

@book{latex1,
author = "Helmut Kopka and PatrickW. Daly",
title = "A Guide to \LaTeX : Document Preparation for Beginners and Advanced Users",
year = 2004,
edition = "4th",
publisher = "Addison-Wesley Professional",
}
